@inproceedings{myers1992survey,
  title={Survey on user interface programming},
  author={Myers, Brad A and Rosson, Mary Beth},
  booktitle={Proceedings of the SIGCHI conference on Human factors in computing systems},
  pages={195--202},
  year={1992}
}
@misc{goodpatchwhydesign,
author = {Goodpatch Inc},
title = {Goodpatchの原体験},
howpublished = {\url{https://goodpatch.com/design}},
urldate = {2022-1-19},
}
@book{garrett2010elements,
  abstract = {Provides an overview of the complexities of interactive Web design for non-designers, explaining the processes, methods, and vocabulary of user experience design.},
  added-at = {2014-05-16T10:50:16.000+0200},
  address = {Berkeley, CA},
  author = {Garrett, Jesse James},
  biburl = {https://www.bibsonomy.org/bibtex/253bfa1b8fd221a53b3904e26fd845994/porta},
  description = {The Elements of User Experience: User-Centered Design for the Web and Beyond Voices That Matter: Amazon.de: Jesse James Garrett: Fremdsprachige Bücher},
  interhash = {5d0f24c62543b018fe9d2aa9e58f7258},
  intrahash = {53bfa1b8fd221a53b3904e26fd845994},
  isbn = {9780321683687 0321683684},
  keywords = {centered design elements experience interaction interface method user ux},
  publisher = {New Riders},
  refid = {503049598},
  timestamp = {2014-05-16T10:50:16.000+0200},
  title = {The elements of user experience : user-centered design for the Web and beyond},
  url = {http://www.amazon.de/The-Elements-User-Experience-User-Centered/dp/0321683684},
  year = 2010
}


@misc{nikkeislide,
author = {日本経済新聞社},
title = {外部勉強会におけるデザインに関する登壇資料一覧},
howpublished = {\url{https://hack.nikkei.com/slides/?categories[]=デザイン}},
urldate = {2022-1-19},
}

@misc{hignavigation,
    author = {Apple},
    title = {Navigation - {A}pp {A}rchitecture - i{OS} - {H}uman {I}nterface {G}uidelines - {A}pple {D}eveloper},
    howpublished = {\url{https://developer.apple.com/design/human-interface-guidelines/ios/app-architecture/navigation/}},
    urldate   = {2022-01-13},
}
@misc{appledevelopernavigationview,
    author = {Apple},
    title = {Navigation{V}iew | {A}pple {D}eveloper {D}ocumentation},
    howpublished = {\url{https://developer.apple.com/documentation/swiftui/navigationview}},
    urldate   = {2022-01-13},
}
@misc{appledevelopertabview,
    author = {Apple},
    title = {Tab{V}iew | {A}pple {D}eveloper {D}ocumentation},
    howpublished = {\url{https://developer.apple.com/documentation/swiftui/tabview}},
    urldate   = {2022-01-13},
}

@techreport{m-base,
   author	 = "横沢邦一 and 中所武司",
   title	 = "エンドユーザ主導型アプリケーション開発環境{M} - baseにおけるユーザインタフェースの自動抽出・生成技法の実現と評価",
   year 	 = "2002",
   institution	 = "明治大学大学院理工学研究科基礎理工学専攻情報科学系, 明治大学大学院理工学研究科基礎理工学専攻情報科学系",
   number	 = "23(2001-SE-136)",
   month	 = {{M}arch}
}

@misc{2021guigan,
      title={{GUIGAN}: Learning to {G}enerate {GUI} {D}esigns {U}sing {G}enerative {A}dversarial {N}etworks}, 
      author={Tianming {Z}hao and Chunyang Chen and Yuanning Liu and Xiaodong Zhu},
      howpublished={\url{https://arxiv.org/abs/2101.09978}},
      urldate = {2022-01-27},
      year={2021},
}

@misc{text2app,
  title={Text2{A}pp: A Framework for Creating {A}ndroid Apps from Text Descriptions},
  author={Masum Hasan and Kazi Sajeed Mehrab and Wasi Uddin Ahmad and Rifat Shahriyar},
  howpublished={\url{https://arxiv.org/abs/2104.08301}},
  urldate = {2022-01-27},
  year={2021},
}
@misc{mitappinventor,
author = {MIT Media Lab and Google},
title = {{MIT} {A}pp {I}nventor},
howpublished = {\url{https://appinventor.mit.edu}},
urldate = {2022-01-27}
}
